<?xml version="1.0" encoding="UTF-8"?><collection xmlns="http://www.loc.gov/MARC21/slim"><record><leader>00370nam--2200133-i-4500</leader><controlfield tag="001">000038481</controlfield><controlfield tag="002">20161230</controlfield><controlfield tag="005">20161230201041</controlfield><controlfield tag="008">060222s1000------------r-----000-0-eng-d</controlfield><datafield ind1=" " ind2=" " tag="080"><subfield code="a">621.95</subfield></datafield><datafield ind1=" " ind2=" " tag="100"><subfield code="a">Redetzky, Manfred</subfield></datafield><datafield ind1=" " ind2=" " tag="245"><subfield code="a">Gaurirea rationala in special prin utilizarea burghielor spirale cu virf de centrare</subfield></datafield><datafield ind1=" " ind2=" " tag="260"><subfield code="a">Bucuresti, Idt, 1957. 86 P</subfield></datafield><datafield ind1=" " ind2=" " tag="852"><subfield code="a">378</subfield></datafield></record></collection>